<?xml version="1.0" encoding="UTF-8"?><record xmlns="http://www.loc.gov/MARC21/slim" xmlns:cinclude="http://apache.org/cocoon/include/1.0" xmlns:zs="http://www.loc.gov/zing/srw/">
  <leader>00572cz  a2200157n  4500</leader>
  <controlfield tag="001">n  98029995 </controlfield>
  <controlfield tag="003">DLC</controlfield>
  <controlfield tag="005">20020215053300.0</controlfield>
  <controlfield tag="008">980330n| acannaabn          |n aaa      </controlfield>
  <datafield tag="010" ind1=" " ind2=" ">
    <subfield code="a">n  98029995 </subfield>
  </datafield>
  <datafield tag="035" ind1=" " ind2=" ">
    <subfield code="a">(OCoLC)oca04694670</subfield>
  </datafield>
  <datafield tag="040" ind1=" " ind2=" ">
    <subfield code="a">DLC</subfield>
    <subfield code="b">eng</subfield>
    <subfield code="c">DLC</subfield>
    <subfield code="d">DLC</subfield>
    <subfield code="d">OCoLC</subfield>
  </datafield>
  <datafield tag="053" ind1=" " ind2="0">
    <subfield code="a">PS3553.L28577</subfield>
  </datafield>
  <datafield tag="100" ind1="1" ind2=" ">
    <subfield code="a">Clark, Joseph,</subfield>
    <subfield code="d">1958-</subfield>
  </datafield>
  <datafield tag="670" ind1=" " ind2=" ">
    <subfield code="a">Jungle wedding, 1998:</subfield>
    <subfield code="b">CIP t.p. (Joseph Clark) pub. info. (lives in Lewisburg, Pa.) bk. t.p. (Joseph Clark)</subfield>
  </datafield>
  <datafield tag="670" ind1=" " ind2=" ">
    <subfield code="a">Phone call to pub., 03-30-98</subfield>
    <subfield code="b">(author's full name is Joseph Lynn Clark, will add to t.p. ; b. Oct. 27, 1958)</subfield>
  </datafield>
</record>